<record><leader>00000cas a22000007a 4500</leader><controlfield tag="001">20402055</controlfield><controlfield tag="008">890927d19081909nduwr ne      0    0eng d</controlfield><datafield ind1=" " ind2=" " tag="010"><subfield code="a">sn 89074310 </subfield></datafield><datafield ind1=" " ind2=" " tag="040"><subfield code="a">NOP</subfield><subfield code="b">eng</subfield><subfield code="c">NOP</subfield><subfield code="d">OCLCQ</subfield></datafield><datafield ind1=" " ind2=" " tag="042"><subfield code="a">msc</subfield></datafield><datafield ind1="0" ind2="0" tag="245"><subfield code="a">Pingree patriot and Stutsman County patriot.</subfield></datafield><datafield ind1=" " ind2=" " tag="260"><subfield code="a">Pingree, N.D. :</subfield><subfield code="b">Harry C. Smith</subfield></datafield><datafield ind1=" " ind2=" " tag="300"><subfield code="a">1 v. :</subfield><subfield code="b">ill. ;</subfield><subfield code="c">54 cm.</subfield></datafield><datafield ind1=" " ind2=" " tag="310"><subfield code="a">Weekly</subfield></datafield><datafield ind1="0" ind2=" " tag="362"><subfield code="a">Vol. 1, no. 1 (Feb. 6, 1908)-v. 1, no. 52 (Jan. 28, 1909) = v. 5, no. 1 (Feb. 6, 1908)-v. 5, no. 52 (Jan. 28, 1909).</subfield></datafield><datafield ind1=" " ind2=" " tag="515"><subfield code="a">Retains numbering of preceeding title. Double numbering system continued throughout.</subfield></datafield><datafield ind1=" " ind2=" " tag="530"><subfield code="a">Available on microfilm from the State Historical Society of North Dakota.</subfield></datafield><datafield ind1=" " ind2=" " tag="752"><subfield code="a">United States</subfield><subfield code="b">North Dakota</subfield><subfield code="c">Stutsman</subfield><subfield code="d">Pingree.</subfield></datafield><datafield ind1="0" ind2="0" tag="780"><subfield code="t">Stutsman County patriot</subfield><subfield code="w">(DLC)sn 89074309</subfield></datafield><datafield ind1="0" ind2="0" tag="785"><subfield code="t">Pingree patriot</subfield><subfield code="w">(DLC)sn 89074311</subfield></datafield></record>